<?xml version="1.0" encoding="UTF-8"?><collection xmlns="http://www.loc.gov/MARC21/slim"><record><leader>00433nam--2200133-i-4500</leader><controlfield tag="001">000003729</controlfield><controlfield tag="002">20161230</controlfield><controlfield tag="005">20161230201025</controlfield><controlfield tag="008">060222s1000------------r-----000-0-eng-d</controlfield><datafield ind1=" " ind2=" " tag="080"><subfield code="a">621.313-523</subfield></datafield><datafield ind1=" " ind2=" " tag="100"><subfield code="a">Blajkin, A.T</subfield></datafield><datafield ind1=" " ind2=" " tag="245"><subfield code="a">Automatizarea cu ajutorul masinilor electrice in dispozitivele de actionare electrica din mi ne. traducere din limba rusa</subfield></datafield><datafield ind1=" " ind2=" " tag="260"><subfield code="a">Bucuresti, Editura Energetica De Stat, 1954. 172 P</subfield></datafield><datafield ind1=" " ind2=" " tag="852"><subfield code="a">26071</subfield></datafield></record></collection>